@article{Shannon1950,
  author    = {Claude E. Shannon},
  title     = {XXII. Programming a computer for playing chess},
  journal   = {The London, Edinburgh, and Dublin Philosophical Magazine and Journal of Science},
  volume    = {41},
  number    = {314},
  pages     = {256--275},
  year      = {1950},
  publisher = {Taylor \& Francis},
  doi       = {10.1080/14786445008521796},
  url       = { 
               https://doi.org/10.1080/14786445008521796
               },
  eprint    = { 
               https://doi.org/10.1080/14786445008521796
               }
}

@mastersthesis{Kral2021,
  author = {Jakub Král},
  school = {Czech Technical University in Prague, Faculty of Information Technology},
  title  = {Using Monte Carlo Tree Search to play chess},
  year   = {2024}
}

@mastersthesis{Bijl2021,
  author = {Pieter Bijl and Anh Phi Tiet},
  school = {Vrije Universiteit Amsterdam},
  title  = {Exploring modern chess engine architectures},
  year   = {2021}
}
@misc{ZobristHashing,
  author       = {chessprogramming.org contributors},
  howpublished = {\url{https://www.chessprogramming.org/Zobrist_Hashing}},
  title        = {Zobrist Hashing},
  year         = {2021}
}

@misc{PaulDailly,
  author       = {Paul Dailly and Dominik Gotojuch and Neil Henning and Keir Lawson and Alec Macdonald and Tamerlan Tajaddinov},
  howpublished = {\url{https://www.researchgate.net/profile/Neil-Henning/publication/268426213_A_Chess_Engine/links/55f1a3c608ae0af8ee1ed60a/A-Chess-Engine.pdf}},
  title        = {A Chess Engine},
  year         = {2008}
}

@misc{FIDE2021,
  author       = {Fédération Internationale des Échecs (FIDE)},
  title        = {Laws of Chess},
  year         = {2021},
  howpublished = {\url{https://www.fide.com/FIDE/handbook/LawsOfChess.pdf}}
}

@article{Bitboards,
  author = {Pradyumna Kannan},
  title  = {Magic Move-Bitboards Generation in Computer Chess},
  year   = {2007},
  url    = { 
            http://pradu.us/old/Nov27_2008/Buzz/research/magic/Bitboards.pdf
            }
}

@article{GameBitboards,
  author  = {Browne, Cameron},
  year    = {2014},
  month   = {06},
  pages   = {67-84},
  title   = {Bitboard Methods for Games},
  volume  = {37},
  journal = {ICGA journal},
  doi     = {10.3233/ICG-2014-37202}
}

@mastersthesis{GameEngine,
  author = {Hertl, Vojtěch},
  title  = {Vysvětlující analýza šachových partií- Explanatory analysis of the chess game},
  year   = {2022 [cit. 2025-04-09]},
  type   = {Diplomová práce},
  school = {Vysoké učení technické v Brně},
  url    = {https://theses.cz/id/vwarnc/}
}

@misc{NNChess,
  title         = {Neural Networks for Chess},
  author        = {Dominik Klein},
  year          = {2022},
  eprint        = {2209.01506},
  archiveprefix = {arXiv},
  primaryclass  = {cs.LG},
  url           = {https://arxiv.org/abs/2209.01506}
}

@misc{elo,
  author       = {chess.com contributors},
  howpublished = {\url{https://www.chess.com/fr/terms/systeme-elo-echecs}},
  title        = {Système d'Élo},
  year         = {Consulté le 10/04/2025}
}