@article{Shannon1950,
    author = {Claude E. Shannon},
    title = {XXII. Programming a computer for playing chess},
    journal = {The London, Edinburgh, and Dublin Philosophical Magazine and Journal of Science},
    volume = {41},
    number = {314},
    pages = {256--275},
    year = {1950},
    publisher = {Taylor \& Francis},
    doi = {10.1080/14786445008521796},
    URL = { 
        https://doi.org/10.1080/14786445008521796
    },
    eprint = { 
        https://doi.org/10.1080/14786445008521796
    }
}

@mastersthesis{Kral2021,
  author = {Jakub Kr√°l},
  school = {Czech Technical University in Prague, Faculty of Information Technology},
  title = {Using Monte Carlo Tree Search to play chess},
  year = {2024}
}

@misc{ZobristHashing,
  author = {chessprogramming.org contributors},
  howpublished = {\url{https://www.chessprogramming.org/Zobrist_Hashing}},
  title = {Zobrist Hashing},
  year = {2021}
}
